
@inproceedings{litl,
  author = {Roman Iakymchuk and Fran\c{c}ois Trahay},
  title = {\litl{}: Lightweight Trace Library},
  booktitle = {Proceedings of the 25th International Symposium on Computer 
  Architecture and High Performance Computing (SBAC-PAD'2013), Porto de 
  Galinhas, Pernambuco, Brazil, October 23-26},
  series = {},
  year = {2013},
  pages = {}
}

@inproceedings{Danjean05FxT,
 author = {Danjean, Vincent and Namyst, Raymond and Wacrenier, Pierre-Andr{\'e}},
 title = {An efficient multi-level trace toolkit for multi-threaded applications},
 booktitle = {Proceedings of the 11th international Euro-Par conference on 
              Parallel Processing},
 series = {Euro-Par'05},
 year = {2005},
 pages = {166--175}
} 